<record><leader>00000cas a22000007a 4500</leader><controlfield tag="001">9431388</controlfield><controlfield tag="008">830420d18541868ohuwr ne      0   a0eng d</controlfield><datafield ind1=" " ind2=" " tag="010"><subfield code="a">sn 83035045 </subfield></datafield><datafield ind1=" " ind2=" " tag="040"><subfield code="a">NPY</subfield><subfield code="b">eng</subfield><subfield code="c">NPY</subfield><subfield code="d">NPX</subfield><subfield code="d">DLC</subfield><subfield code="d">NPU</subfield><subfield code="d">ONP</subfield><subfield code="d">NVF</subfield><subfield code="d">OCL</subfield><subfield code="d">OCLCF</subfield><subfield code="d">OCLCO</subfield><subfield code="d">DLC</subfield></datafield><datafield ind1="0" ind2=" " tag="022"><subfield code="a">2372-1340</subfield><subfield code="2">1</subfield></datafield><datafield ind1=" " ind2=" " tag="042"><subfield code="a">msc</subfield><subfield code="a">nsdp</subfield></datafield><datafield ind1=" " ind2=" " tag="043"><subfield code="a">n-us-oh</subfield></datafield><datafield ind1="0" ind2="0" tag="050"><subfield code="a">Newspaper</subfield></datafield><datafield ind1="0" ind2="0" tag="082"><subfield code="a">071</subfield><subfield code="2">23</subfield></datafield><datafield ind1="0" ind2=" " tag="130"><subfield code="a">Portage County Democrat (Ravenna, Ohio : 1854)</subfield></datafield><datafield ind1=" " ind2="4" tag="222"><subfield code="a">The Portage County Democrat</subfield><subfield code="b">(Ravenna, Ohio. 1854. Print)</subfield></datafield><datafield ind1="0" ind2="4" tag="245"><subfield code="a">The Portage County Democrat.</subfield></datafield><datafield ind1="1" ind2="3" tag="246"><subfield code="a">Portage County Republican Democrat</subfield></datafield><datafield ind1="1" ind2="3" tag="246"><subfield code="a">Portage Co. Democrat</subfield></datafield><datafield ind1=" " ind2=" " tag="260"><subfield code="a">Ravenna, Ohio :</subfield><subfield code="b">Hall, Herrick &amp; Wadsworth,</subfield><subfield code="c">1854-1868.</subfield></datafield><datafield ind1=" " ind2=" " tag="300"><subfield code="a">v.</subfield></datafield><datafield ind1=" " ind2=" " tag="310"><subfield code="a">Weekly</subfield></datafield><datafield ind1="0" ind2=" " tag="362"><subfield code="a">New ser., v. 1, no. 1 (Apr. 5, 1854)-new ser., v. 15, no. 38 (Dec. 2, 1868).</subfield></datafield><datafield ind1=" " ind2=" " tag="500"><subfield code="a">"Free Soil, 1854; Republican, 1855-1868."</subfield></datafield><datafield ind1=" " ind2=" " tag="500"><subfield code="a">"The organ of the Republican party of Portage, Ohio and official paper of the county."</subfield></datafield><datafield ind1=" " ind2=" " tag="515"><subfield code="a">Issues for &lt;Apr. 27, 1864&gt; called also &lt;old ser., v. 35, no. 23&gt; and also &lt;whole no. 526&gt;.</subfield></datafield><datafield ind1=" " ind2=" " tag="530"><subfield code="a">Archived issues are available in digital format from the Library of Congress Chronicling America online collection.</subfield></datafield><datafield ind1=" " ind2=" " tag="580"><subfield code="a">Campaign ed.: Campaign Democrat (Ravenna, Ohio), 1855.</subfield></datafield><datafield ind1=" " ind2="0" tag="651"><subfield code="a">Ravenna (Ohio)</subfield><subfield code="v">Newspapers.</subfield></datafield><datafield ind1=" " ind2="0" tag="651"><subfield code="a">Portage County (Ohio)</subfield><subfield code="v">Newspapers.</subfield></datafield><datafield ind1=" " ind2="7" tag="651"><subfield code="a">Ohio</subfield><subfield code="z">Portage County.</subfield><subfield code="2">fast</subfield><subfield code="0">(OCoLC)fst01206645</subfield></datafield><datafield ind1=" " ind2="7" tag="651"><subfield code="a">Ohio</subfield><subfield code="z">Ravenna.</subfield><subfield code="2">fast</subfield><subfield code="0">(OCoLC)fst01235760</subfield></datafield><datafield ind1=" " ind2="7" tag="655"><subfield code="a">Newspapers.</subfield><subfield code="2">fast</subfield><subfield code="0">(OCoLC)fst01423814</subfield></datafield><datafield ind1=" " ind2=" " tag="752"><subfield code="a">United States</subfield><subfield code="b">Ohio</subfield><subfield code="c">Portage</subfield><subfield code="d">Ravenna.</subfield></datafield><datafield ind1="1" ind2=" " tag="775"><subfield code="t">Campaign Democrat (Ravenna, Ohio)</subfield><subfield code="w">(DLC)sn 85026233</subfield></datafield><datafield ind1="0" ind2="8" tag="776"><subfield code="i">Online version:</subfield><subfield code="t">Portage County Democrat (Ravenna, Ohio : 1854 : Online)</subfield><subfield code="x">2372-1359</subfield><subfield code="w">(DLC)  2014218261</subfield></datafield><datafield ind1="0" ind2="4" tag="780"><subfield code="t">Ohio star (Ravenna, Ohio : 1830)</subfield><subfield code="w">(DLC)sn 83035044</subfield></datafield><datafield ind1="0" ind2="4" tag="780"><subfield code="t">Home companion and Whig</subfield><subfield code="w">(DLC)sn 83035043</subfield></datafield><datafield ind1="0" ind2="0" tag="785"><subfield code="t">Portage Co. Republican Democrat</subfield><subfield code="w">(DLC)sn 85042747</subfield></datafield><datafield ind1="4" ind2="1" tag="856"><subfield code="u">http://www.loc.gov/chroniclingamerica/lccn/sn83035045/issues</subfield></datafield><datafield ind1="1" ind2=" " tag="029"><subfield code="a">AU@</subfield><subfield code="b">000020227523</subfield></datafield></record>